% This file was created with JabRef 2.4.2.
% Encoding: UTF8

@STRING{IEEE_J_AC = {{IEEE} Transactions on Automatic Control}}

@STRING{IEEE_J_ADVP = {{IEEE} Transactions on Advanced Packaging}}

@STRING{IEEE_J_AES = {{IEEE} Transactions on Aerospace and Electronic Systems}}

@STRING{IEEE_J_AIRE = {{IEEE} Transactions on Airborne Electronics}}

@STRING{IEEE_J_ANE = {{IEEE} Transactions on Aerospace and Navigational Electronics}}

@STRING{IEEE_J_ANNE = {{IEEE} Transactions on Aeronautical and Navigational Electronics}}

@STRING{IEEE_J_AP = {{IEEE} Transactions on Antennas and Propagation}}

@STRING{IEEE_J_APPIND = {{IEEE} Transactions on Applications and Industry}}

@STRING{IEEE_J_AS = {{IEEE} Transactions on Aerospace}}

@STRING{IEEE_J_ASC = {{IEEE} Transactions on Applied Superconductivity}}

@STRING{IEEE_J_ASE = {{IEEE} Transactions on Automation Science and Engineering}}

@STRING{IEEE_J_ASSP = {{IEEE} Transactions on Acoustics, Speech, and Signal Processing}}

@STRING{IEEE_J_AU = {{IEEE} Transactions on Audio}}

@STRING{IEEE_J_AUEA = {{IEEE} Transactions on Audio and Electroacoustics}}

@STRING{IEEE_J_AWPL = {{IEEE} Antennas and Wireless Propagation Letters}}

@STRING{IEEE_J_B-ME = {{IEEE} Transactions on Bio-Medical Engineering}}

@STRING{IEEE_J_BC = {{IEEE} Transactions on Broadcasting}}

@STRING{IEEE_J_BCAS = {{IEEE} Transactions on Biomedical Circuits and Systems}}

@STRING{IEEE_J_BCTV = {{IEEE} Transactions on Broadcast and Television Receivers}}

@STRING{IEEE_J_BME = {{IEEE} Transactions on Biomedical Engineering}}

@STRING{IEEE_J_BMELC = {{IEEE} Transactions on Bio-Medical Electronics}}

@STRING{IEEE_J_C = {{IEEE} Transactions on Computers}}

@STRING{IEEE_J_CAD = {{IEEE} Transactions on Computer-Aided Design of Integrated Circuits
	and Systems}}

@STRING{IEEE_J_CAL = {{IEEE} Computer Architecture Letters}}

@STRING{IEEE_J_CAPT = {{IEEE} Transactions on Components and Packaging Technology}}

@STRING{IEEE_J_CAPTS = {{IEEE} Transactions on Components and Packaging Technologies}}

@STRING{IEEE_J_CAS = {{IEEE} Transactions on Circuits and Systems}}

@STRING{IEEE_J_CASI = {{IEEE} Transactions on Circuits and Systems---Part {I}: Fundamental
	Theory and Applications}}

@STRING{IEEE_J_CASI_RP = {{IEEE} Transactions on Circuits and Systems---Part {I}: Regular Papers}}

@STRING{IEEE_J_CASII = {{IEEE} Transactions on Circuits and Systems---Part {II}: Analog and
	Digital Signal Processing}}

@STRING{IEEE_J_CASII_EB = {{IEEE} Transactions on Circuits and Systems---Part {II}: Express
	Briefs}}

@STRING{IEEE_J_CASVT = {{IEEE} Transactions on Circuits and Systems for Video Technology}}

@STRING{IEEE_J_CBB = {{IEEE/ACM} Transactions on Computational Biology and Bioinformatics}}

@STRING{IEEE_J_CE = {{IEEE} Transactions on Consumer Electronics}}

@STRING{IEEE_J_CHMT = {{IEEE} Transactions on Components, Hybrids and Manufacturing Technology}}

@STRING{IEEE_J_CJECE = {Canadian Journal of Electrical and Computer Engineering}}

@STRING{IEEE_J_COM = {{IEEE} Transactions on Communications}}

@STRING{IEEE_J_COML = {{IEEE} Communications Letters}}

@STRING{IEEE_J_COMT = {{IEEE} Transactions on Communication Technology}}

@STRING{IEEE_J_CPART = {{IEEE} Transactions on Component Parts}}

@STRING{IEEE_J_CPMTA = {{IEEE} Transactions on Components, Packaging and Manufacturing Technology---Part
	{A}}}

@STRING{IEEE_J_CPMTB = {{IEEE} Transactions on Components, Packaging and Manufacturing Technology---Part
	{B}: Advanced Packaging}}

@STRING{IEEE_J_CPMTC = {{IEEE} Transactions on Components, Packaging and Manufacturing Technology---Part
	{C}: Manufacturing}}

@STRING{IEEE_J_CST = {{IEEE} Transactions on Control Systems Technology}}

@STRING{IEEE_J_CT = {{IEEE} Transactions on Circuit Theory}}

@STRING{IEEE_J_DEI = {{IEEE} Transactions on Dielectrics and Electrical Insulation}}

@STRING{IEEE_J_DMR = {{IEEE} Transactions on Device and Materials Reliability}}

@STRING{IEEE_J_DSC = {{IEEE} Transactions on Dependable and Secure Computing}}

@STRING{IEEE_J_EC = {{IEEE} Transactions on Energy Conversion}}

@STRING{IEEE_J_ECOMP = {{IEEE} Transactions on Electronic Computers}}

@STRING{IEEE_J_ED = {{IEEE} Transactions on Electron Devices}}

@STRING{IEEE_J_EDL = {{IEEE} Electron Device Letters}}

@STRING{IEEE_J_EDU = {{IEEE} Transactions on Education}}

@STRING{IEEE_J_EI = {{IEEE} Transactions on Electrical Insulation}}

@STRING{IEEE_J_EM = {{IEEE} Transactions on Engineering Management}}

@STRING{IEEE_J_EMC = {{IEEE} Transactions on Electromagnetic Compatibility}}

@STRING{IEEE_J_EPM = {{IEEE} Transactions on Electronics Packaging Manufacturing}}

@STRING{IEEE_J_ESSL = {{IEEE/ECS} Electrochemical and Solid-State Letters}}

@STRING{IEEE_J_EVC = {{IEEE} Transactions on Evolutionary Computation}}

@STRING{IEEE_J_EWS = {{IEEE} Transactions on Engineering Writing and Speech}}

@STRING{IEEE_J_FUZZ = {{IEEE} Transactions on Fuzzy Systems}}

@STRING{IEEE_J_GE = {{IEEE} Transactions on Geoscience Electronics}}

@STRING{IEEE_J_GRS = {{IEEE} Transactions on Geoscience and Remote Sensing}}

@STRING{IEEE_J_GRSL = {{IEEE} Geoscience and Remote Sensing Letters}}

@STRING{IEEE_J_H = {{IEEE} Transactions on Haptics}}

@STRING{IEEE_J_HFE = {{IEEE} Transactions on Human Factors in Electronics}}

@STRING{IEEE_J_IA = {{IEEE} Transactions on Industry Applications}}

@STRING{IEEE_J_IE = {{IEEE} Transactions on Industrial Electronics}}

@STRING{IEEE_J_IECI = {{IEEE} Transactions on Industrial Electronics and Control Instrumentation}}

@STRING{IEEE_J_IFS = {{IEEE} Transactions on Information Forensics and Security}}

@STRING{IEEE_J_IGA = {{IEEE} Transactions on Industry and General Applications}}

@STRING{IEEE_J_IINF = {{IEEE} Transactions on Industrial Informatics}}

@STRING{IEEE_J_IM = {{IEEE} Transactions on Instrumentation and Measurement}}

@STRING{IEEE_J_IP = {{IEEE} Transactions on Image Processing}}

@STRING{IEEE_J_IT = {{IEEE} Transactions on Information Theory}}

@STRING{IEEE_J_ITBM = {{IEEE} Transactions on Information Technology in Biomedicine}}

@STRING{IEEE_J_ITS = {{IEEE} Transactions on Intelligent Transportation Systems}}

@STRING{IEEE_J_JDT = {{IEEE/OSA} Journal of Display Technology}}

@STRING{IEEE_J_JEM = {{IEEE/TMS} Journal of Electronic Materials}}

@STRING{IEEE_J_JLT = {{IEEE/OSA} Journal of Lightwave Technology}}

@STRING{IEEE_J_JQE = {{IEEE} Journal of Quantum Electronics}}

@STRING{IEEE_J_JRA = {{IEEE} Journal of Robotics and Automation}}

@STRING{IEEE_J_JSAC = {{IEEE} Journal on Selected Areas in Communications}}

@STRING{IEEE_J_JSSC = {{IEEE} Journal of Solid-State Circuits}}

@STRING{IEEE_J_JSTQE = {{IEEE} Journal of Selected Topics in Quantum Electronics}}

@STRING{IEEE_J_KDE = {{IEEE} Transactions on Knowledge and Data Engineering}}

@STRING{IEEE_J_LT = {{IEEE} Transactions on Learning Technologies}}

@STRING{IEEE_J_MAG = {{IEEE} Transactions on Magnetics}}

@STRING{IEEE_J_MC = {{IEEE} Transactions on Mobile Computing}}

@STRING{IEEE_J_ME = {{IEEE} Transactions on Medical Electronics}}

@STRING{IEEE_J_MECH = {{IEEE/ASME} Transactions on Mechatronics}}

@STRING{IEEE_J_MEMS = {{IEEE/ASME} Journal of Microelectromechanical Systems}}

@STRING{IEEE_J_MFT = {{IEEE} Transactions on Manufacturing Technology}}

@STRING{IEEE_J_MGWL = {{IEEE} Microwave and Guided Wave Letters}}

@STRING{IEEE_J_MI = {{IEEE} Transactions on Medical Imaging}}

@STRING{IEEE_J_MIL = {{IEEE} Transactions on Military Electronics}}

@STRING{IEEE_J_MM = {{IEEE} Transactions on Multimedia}}

@STRING{IEEE_J_MMS = {{IEEE} Transactions on Man-Machine Systems}}

@STRING{IEEE_J_MTT = {{IEEE} Transactions on Microwave Theory and Techniques}}

@STRING{IEEE_J_MWCL = {{IEEE} Microwave and Wireless Components Letters}}

@STRING{IEEE_J_NANO = {{IEEE} Transactions on Nanotechnology}}

@STRING{IEEE_J_NB = {{IEEE} Transactions on NanoBioscience}}

@STRING{IEEE_J_NET = {{IEEE/ACM} Transactions on Networking}}

@STRING{IEEE_J_NN = {{IEEE} Transactions on Neural Networks}}

@STRING{IEEE_J_NS = {{IEEE} Transactions on Nuclear Science}}

@STRING{IEEE_J_NSM = {{IEEE} Transactions on Network and Service Management}}

@STRING{IEEE_J_NSRE = {{IEEE} Transactions on Neural Systems and Rehabilitation Engineering}}

@STRING{IEEE_J_OE = {{IEEE} Journal of Oceanic Engineering}}

@STRING{IEEE_J_PAMI = {{IEEE} Transactions on Pattern Analysis and Machine Intelligence}}

@STRING{IEEE_J_PC = {{IEEE} Transactions on Professional Communication}}

@STRING{IEEE_J_PDS = {{IEEE} Transactions on Parallel and Distributed Systems}}

@STRING{IEEE_J_PEL = {{IEEE} Power Electronics Letters}}

@STRING{IEEE_J_PHP = {{IEEE} Transactions on Parts, Hybrids and Packaging}}

@STRING{IEEE_J_PMP = {{IEEE} Transactions on Parts, Materials and Packaging}}

@STRING{IEEE_J_PROC = {Proceedings of the {IEEE}}}

@STRING{IEEE_J_PS = {{IEEE} Transactions on Plasma Science}}

@STRING{IEEE_J_PSE = {{IEEE} Journal of Product Safety Engineering}}

@STRING{IEEE_J_PTL = {{IEEE} Photonics Technology Letters}}

@STRING{IEEE_J_PWRAS = {{IEEE} Transactions on Power Apparatus and Systems}}

@STRING{IEEE_J_PWRD = {{IEEE} Transactions on Power Delivery}}

@STRING{IEEE_J_PWRE = {{IEEE} Transactions on Power Electronics}}

@STRING{IEEE_J_PWRS = {{IEEE} Transactions on Power Systems}}

@STRING{IEEE_J_R = {{IEEE} Transactions on Reliability}}

@STRING{IEEE_J_RA = {{IEEE} Transactions on Robotics and Automation}}

@STRING{IEEE_J_RBME = {{IEEE} Reviews in Biomedical Engineering}}

@STRING{IEEE_J_RE = {{IEEE} Transactions on Rehabilitation Engineering}}

@STRING{IEEE_J_RFI = {{IEEE} Transactions on Radio Frequency Interference}}

@STRING{IEEE_J_RO = {{IEEE} Transactions on Robotics}}

@STRING{IEEE_J_SAP = {{IEEE} Transactions on Speech and Audio Processing}}

@STRING{IEEE_J_SC = {{IEEE} Transactions on Services Computing}}

@STRING{IEEE_J_SE = {{IEEE} Transactions on Software Engineering}}

@STRING{IEEE_J_SENSOR = {{IEEE} Sensors Journal}}

@STRING{IEEE_J_SM = {{IEEE} Transactions on Semiconductor Manufacturing}}

@STRING{IEEE_J_SMC = {{IEEE} Transactions on Systems, Man, and Cybernetics}}

@STRING{IEEE_J_SMCA = {{IEEE} Transactions on Systems, Man, and Cybernetics---Part {A}:
	Systems and Humans}}

@STRING{IEEE_J_SMCB = {{IEEE} Transactions on Systems, Man, and Cybernetics---Part {B}:
	Cybernetics}}

@STRING{IEEE_J_SMCC = {{IEEE} Transactions on Systems, Man, and Cybernetics---Part {C}:
	Applications and Reviews}}

@STRING{IEEE_J_SP = {{IEEE} Transactions on Signal Processing}}

@STRING{IEEE_J_SPL = {{IEEE} Signal Processing Letters}}

@STRING{IEEE_J_SSC = {{IEEE} Transactions on Systems Science and Cybernetics}}

@STRING{IEEE_J_STARS = {{IEEE} Journal of Selected Topics in Applied Earth Observations and
	Remote Sensing}}

@STRING{IEEE_J_STSP = {{IEEE} Journal of Selected Topics in Signal Processing}}

@STRING{IEEE_J_SU = {{IEEE} Transactions on Sonics and Ultrasonics}}

@STRING{IEEE_J_SYST = {{IEEE} Systems Journal}}

@STRING{IEEE_J_TCAD = {{IEEE} Journal on Technology in Computer Aided Design}}

@STRING{IEEE_J_TJMJ = {{IEEE} Translation Journal on Magnetics in Japan}}

@STRING{IEEE_J_UE = {{IEEE} Transactions on Ultrasonics Engineering}}

@STRING{IEEE_J_UFFC = {{IEEE} Transactions on Ultrasonics, Ferroelectrics, and Frequency
	Control}}

@STRING{IEEE_J_VC = {{IEEE} Transactions on Vehicular Communications}}

@STRING{IEEE_J_VCG = {{IEEE} Transactions on Visualization and Computer Graphics}}

@STRING{IEEE_J_VLSI = {{IEEE} Transactions on Very Large Scale Integration ({VLSI}) Systems}}

@STRING{IEEE_J_VT = {{IEEE} Transactions on Vehicular Technology}}

@STRING{IEEE_J_WCOM = {{IEEE} Transactions on Wireless Communications}}

@STRING{IEEE_M_AES = {{IEEE} Aerospace and Electronics Systems Magazine}}

@STRING{IEEE_M_AP = {{IEEE} Antennas and Propagation Magazine}}

@STRING{IEEE_M_ASSP = {{IEEE} {ASSP} Magazine}}

@STRING{IEEE_M_C = {{IEEE} Computer}}

@STRING{IEEE_M_CAP = {{IEEE} Computer Applications in Power}}

@STRING{IEEE_M_CAS = {{IEEE} Circuits and Systems Magazine}}

@STRING{IEEE_M_CD = {{IEEE} Circuits and Devices Magazine}}

@STRING{IEEE_M_CGA = {{IEEE} Computer Graphics and Applications}}

@STRING{IEEE_M_CIM = {{IEEE} Computational Intelligence Magazine}}

@STRING{IEEE_M_COM = {{IEEE} Communications Magazine}}

@STRING{IEEE_M_COMSOC = {{IEEE} Communications Society Magazine}}

@STRING{IEEE_M_CONC = {{IEEE} Concurrency}}

@STRING{IEEE_M_CS = {{IEEE} Control Systems Magazine}}

@STRING{IEEE_M_CSE = {{IEEE} Computing in Science and Engineering}}

@STRING{IEEE_M_CSEM = {{IEEE} Computational Science and Engineering Magazine}}

@STRING{IEEE_M_DTC = {{IEEE} Design and Test of Computers}}

@STRING{IEEE_M_EI = {{IEEE} Electrical Insulation Magazine}}

@STRING{IEEE_M_EMB = {{IEEE} Engineering in Medicine and Biology Magazine}}

@STRING{IEEE_M_EMR = {{IEEE} Engineering Management Review}}

@STRING{IEEE_M_ETR = {{IEEE} ElectroTechnology Review}}

@STRING{IEEE_M_EXP = {{IEEE} Expert}}

@STRING{IEEE_M_HIST = {{IEEE} Annals of the History of Computing}}

@STRING{IEEE_M_IA = {{IEEE} Industry Applications Magazine}}

@STRING{IEEE_M_IC = {{IEEE} Internet Computing}}

@STRING{IEEE_M_IE = {{IEEE} Industrial Electronics Magazine}}

@STRING{IEEE_M_IM = {{IEEE} Instrumentation and Measurement Magazine}}

@STRING{IEEE_M_IS = {{IEEE} Intelligent Systems}}

@STRING{IEEE_M_ITP = {{IEEE} {IT} Professional}}

@STRING{IEEE_M_ITS = {{IEEE} Intelligent Transportation Systems Magazine}}

@STRING{IEEE_M_MICRO = {{IEEE} Micro}}

@STRING{IEEE_M_MM = {{IEEE} Multimedia}}

@STRING{IEEE_M_MW = {{IEEE} Microwave Magazine}}

@STRING{IEEE_M_NANO = {{IEEE} Nanotechnology Magazine}}

@STRING{IEEE_M_NET = {{IEEE} Network}}

@STRING{IEEE_M_PCOM = {{IEEE} Personal Communications Magazine}}

@STRING{IEEE_M_PE = {{IEEE} Power and Energy Magazine}}

@STRING{IEEE_M_PER = {{IEEE} Power Engineering Review}}

@STRING{IEEE_M_POT = {{IEEE} Potentials}}

@STRING{IEEE_M_PVC = {{IEEE} Pervasive Computing}}

@STRING{IEEE_M_RA = {{IEEE} Robotics and Automation Magazine}}


@STRING{IEEE_M_SAP = {{IEEE} Security and Privacy}}

@STRING{IEEE_M_SP = {{IEEE} Signal Processing Magazine}}

@STRING{IEEE_M_SPECT = {{IEEE} Spectrum}}

@STRING{IEEE_M_TODAY = {Today's Engineer}}

@STRING{IEEE_M_TS = {{IEEE} Technology and Society Magazine}}

@STRING{IEEE_M_VT = {{IEEE} Vehicular Technology Magazine}}

@STRING{IEEE_M_WC = {{IEEE} Wireless Communications Magazine}}

@STRING{IEEE_O_CSTO = {{IEEE} Communications Surveys and Tutorials}}

@STRING{IEEE_O_DSO = {{IEEE} Distributed Systems Online}}


@article{oreilly,
	author = {Tim O'Reilly},
	title = {What Is Web 2.0 - Design Patterns and Business Models for the Next Generation of Software},
	journaltitle = {journaltitle},
	date = {date},
		url = {http://www.oreilly.com/pub/a/web2/archive/what-is-web-20.html},
}

@report{kurasi,
	author = {Österreichisches Kuratorium für Alpine Sicherheit},
	title = {Alpinunfälle in Österreich 2017, Berichtszeitraum: 01.01. bis 31.12.2017},
	type = {Presseaussendung},
	institution = {Österreichisches Kuratorium für Alpine Sicherheit},
	date = {date},
}

@article{unterschiedWeb1u2,
	author = {Graham Cormode and Balachander Krishnamurthy},
	title = {Key differences between Web 1.0 and Web 2.0},
	journal = {First Monday},
	volume = {13},
	number = {6},
	year = {2008},
	keywords = {web 2.0},
	issn = {13960466},
	doi = {10.5210/fm.v13i6.2125},
	url = {http://firstmonday.org/ojs/index.php/fm/article/view/2125}
}

@article{obarSocialMedia,
	author = {Jonathan A. Obar and Steve Wildman},
	title = {Social Media Definiton and the Governance Challenge: An Introduction to the Special Issue},
	journaltitle = {Telecommunications policy},
	date = {22.07.2015},
	issue = {39(9)},
}

@article{kaplan,
	author = {Andreas M. Kaplan and Michael Haelein},
	title = {Users of the world, unite! The challenges and opportunities of Social Media},
	journaltitle = {Business Horizons},
	date = {2010},
}

@article{kietzmann,
	author = {J.H. Kietzman and K. Hermkens and I.P. McCarthy and B.S. Silverstone },
	title = {Social Media? Get Serious! Understanding the Functional Building Blocks of Social Media},
	journaltitle = {Business Horizons },
	date = {2011},
}

@online{MMAA,
	author = {Mobile Marketing Association Austria},
	title = {Mobile-Marketing-Studie: Österreicher interagieren mit ihrem Mobiltelefon bereits mehr als drei Stunden pro Tag},
	date = {18.10.2017},
	url = {https://www.mmaaustria.at/single-post/2017/10/18/Mobile-Marketing-Studie-Österreicher-interagieren-mit-ihrem-\\
	Mobiltelefon-bereits-mehr-als-drei-Stunden-pro-Tag},
}

@online{panke,
	author = {Stephanie Panke},
	title = {Unterwegs im Web 2.0: Charakteristiken und Potenziale},
	date = {19.01.2007},
	url = {https://www.e-teaching.org/didaktik/theorie/informelleslernen/Web2.pdf},
}

@article{griesbaum,
	author = {Joachim Griesbaum},
	title = {Social Web: Überblick, Einordnung, informationswissenschaftliche Perspektiven},
	journaltitle = {Wissenschaft und Praxis (IWP)},
	date = {6-7/2010},
}

@book{ebersbach,
	author = {Anja Ebersbach, Markus Glaser und Richard Heigl},
	title = {Soial Web},
	date = {2016},
	edition = {3. Auflage},
	publisher = {UVK Verlagsgesellschaft mbH},
	location = {Konstanz und München 2016},
	isbn = {978-3-8252-3933-6},
}

@online{youtube,
	author = {YouTube},
	title = {YouTube in Zahlen},
	date = {03.05.2018},
	url = {https://www.youtube.com/intl/de/yt/about/press/},
}

@book{kruse,
	author = {Jan Kruse},
	title = {Qualitative Interviewforschung - Ein integrativer Ansatz},
	date = {2014},
	publisher = {Beltz Juventa},
	location = {Weinheim und Basel},
	isbn = {978-3-7799-2901-7},
}

@book{przyborski,
	author = {Aglaja Przyborski and Monika Wohlrab-Sahr},
	title = {Forschungsdesigns für die qualitative Sozialforschung - Handbuch Methoden der empirischen Sozialforschung},
	date = {2014},
	editor = {N. Baur, J. Blasius},
	isbn = {978-3-531-17809-7},
}

@book{mayring,
	author = {Philipp Mayring},
	title = {Qualitative Inhaltsanalyse: Grundlagen und Techniken},
	date = {2010},
	publisher = {Beltz Verlag},
	location = {Weinheim und Basel},
}

@book{kaiser,
	author = {Robert Kaiser},
	title = {Qualitative Experteninterviews - Konzeptionelle Grundlagen und praktische Durchführung},
	date = {2014},
	publisher = {Springer VS},
	isbn = {978-3-658-02478-9},
}

@book{mayer,
	author = {Horst Otto Mayer},
	title = {Interview und schriftliche Befragung - Grundlagen und Methoden empirischer Sozialforschung},
	date = {2013},
	publisher = {Oldenbourg Wissenschaftsverlag GmbH},
	location = {München},
}

@book{glaeser,
	author = {Jochen Gläser and Grit Laudel},
	title = {Experteninterviews und qualitative Inhaltsanalyse als Instrumente rekonstruierender Untersuchungen},
	date = {2006},
	publisher = {VS Verlag für Sozialwissenschaften},
	location = {Wiesbaden},
}

@article{terry,
	author = {Terry Daugherty and Matthew S. Eastin and Laura Bright},
	title = {Exploring Consumer Motivations for Creating User-Generated Content},
	journaltitle = {Journal of Interactive Adertising},
	date = {2008},
}

@article{cox,
	author = {Carmen Cox and Stephen Burgess and Carmine Sellitto and Jeremy Buultjens},
	title = {The Role of User-Generated Content in Tourists' Travel Planning Behavior},
	journaltitle = {Journal of Hospitality Marketing \& Management},
	date = {2009},
	volume = {18:8},
}

@article{morrison,
	author = {Margaret A. Morrison and Hyuk Jun Cheong and Sally J. McMillan},
	title = {Posting, Lurking, and Networking: Behaviors and Characteristics of Consumers in the Context of User-Generated Content},
	journaltitle = {Journal of Interactive Advertising},
	date = {2013},
	volume = {13:2},
}

@article{chen,
	author = {Jianqing Chen and Hong Xu and Andrew B Whinston},
	title = {Moderated Online Communities and Quality of User-Generated Content},
	journaltitle = {Journal of Management Information Systems},
	date = {2014},
	volume = {28:2},
}

@article{ramirez,
	author = {Edward Ramirez and Roland Gau and John Hadjimarcou and Zhenning (Jimmy) Xu},
	title = {User-Generated Content as Word-of-Mouth},
	journaltitle = {Journal of Marketing Theory and Practice},
	date = {2018},
	issue = {26:1-2},
}

@article{akehurst,
	author = {Gary Akehurst},
	title = {User Generated Content: the Use of Blogs for Tourism Organisations and Tourism Consumers},
	journaltitle = {Service Business},
	date = {2009},
	pages = {51-61},
}

@article{poch,
	author = {Rebecca Poch and Brett Martin},
	title = {Effects of Intrinistic and Extrinistic Motivation on User-Generated Content},
	journaltitle = {Journal of Strategic Marketing},
	date = {2014},
	issue = {23:4},
}

@online{mobileos,
	author = {statcounter},
	title = {Mobile Operating System Market Share Worldwide},
	date = {05.2018},
	url = {http://gs.statcounter.com/os-market-share/mobile/worldwide},
}

@online{stat,
	author = {Österreichische Webanalyse},
	title = {Anteile der genutzten mobilen Betriebssysteme in Österreich von Dezember 2015 bis März 2018},
	date = {02.06.2018},
	url = {https://de.statista.com.bibproxy.fh-kufstein.ac.at/statistik/daten/studie/303829/umfrage/genutzte-mobile-betriebssysteme-in-oesterreich/},
	urldate = {02.06.2018},
}

@book{wessler,
	author = {Markus Wessler},
	title = {Entscheidungstheorie - Von der klassischen Spieltheorie zur Anwendung kooperativer Konzepte},
	date = {2012},
}

@book{lamnek,
	author = {Siegfried Lamnek},
	title = {Qualitative Sozialforschung},
	date = {2010},
	edition = {5. Auflage},
}
